@article{witten2010ultra,
  title={Ultra-high throughput sequencing-based small RNA discovery and discrete statistical biomarker analysis in a collection of cervical tumours and matched controls},
  author={Witten, Daniela and Tibshirani, Robert and Gu, Sam G and Fire, Andrew and Lui, Weng-Onn},
  journal={BMC biology},
  volume={8},
  number={1},
  pages={58},
  year={2010},
  publisher={BioMed Central Ltd}
}

@article{kong2009strategies,
  title={Strategies for profiling microRNA expression},
  author={Kong, William and Zhao, Jian-Jun and He, Lili and Cheng, Jin Q},
  journal={Journal of cellular physiology},
  volume={218},
  number={1},
  pages={22--25},
  year={2009},
  publisher={Wiley Online Library}
}

@article{pritchard2012microrna,
  title={MicroRNA profiling: approaches and considerations},
  author={Pritchard, Colin C and Cheng, Heather H and Tewari, Muneesh},
  journal={Nature Reviews Genetics},
  volume={13},
  number={5},
  pages={358--369},
  year={2012},
  publisher={Nature Publishing Group}
}

@article{alvarez2005microrna,
  title={MicroRNA functions in animal development and human disease},
  author={Alvarez-Garcia, Ines and Miska, Eric A},
  journal={Development},
  volume={132},
  number={21},
  pages={4653--4662},
  year={2005},
  publisher={The Company of Biologists Limited}
}

@article{ohnishi2010small,
  title={Small RNA class transition from siRNA/piRNA to miRNA during pre-implantation mouse development},
  author={Ohnishi, Yusuke and Totoki, Yasushi and Toyoda, Atsushi and Watanabe, Toshiaki and Yamamoto, Yasuhiro and Tokunaga, Katsushi and Sakaki, Yoshiyuki and Sasaki, Hiroyuki and Hohjoh, Hirohiko},
  journal={Nucleic acids research},
  volume={38},
  number={15},
  pages={5141--5151},
  year={2010},
  publisher={Oxford Univ Press}
}

@article{zhou2007mir,
  title={miR-150, a microRNA expressed in mature B and T cells, blocks early B cell development when expressed prematurely},
  author={Zhou, Beiyan and Wang, Stephanie and Mayr, Christine and Bartel, David P and Lodish, Harvey F},
  journal={Proceedings of the National Academy of Sciences},
  volume={104},
  number={17},
  pages={7080--7085},
  year={2007},
  publisher={National Acad Sciences}
}

@article{grosshans2005temporal,
  title={The Temporal Patterning MicroRNA< i> let-7</i> Regulates Several Transcription Factors at the Larval to Adult Transition in< i> C. elegans</i>},
  author={Gro{\ss}hans, Helge and Johnson, Ted and Reinert, Kristy L and Gerstein, Mark and Slack, Frank J},
  journal={Developmental cell},
  volume={8},
  number={3},
  pages={321--330},
  year={2005},
  publisher={Elsevier}
}

@article{calin2006microrna,
  title={MicroRNA-cancer connection: the beginning of a new tale},
  author={Calin, George Adrian and Croce, Carlo Maria},
  journal={Cancer research},
  volume={66},
  number={15},
  pages={7390--7394},
  year={2006},
  publisher={AACR}
}

@article{volinia2006microrna,
  title={A microRNA expression signature of human solid tumors defines cancer gene targets},
  author={Volinia, Stefano and Calin, George A and Liu, Chang-Gong and Ambs, Stefan and Cimmino, Amelia and Petrocca, Fabio and Visone, Rosa and Iorio, Marilena and Roldo, Claudia and Ferracin, Manuela and others},
  journal={Proceedings of the National Academy of Sciences of the United States of America},
  volume={103},
  number={7},
  pages={2257--2261},
  year={2006},
  publisher={National Acad Sciences}
}

@article{kroh2010analysis,
  title={Analysis of circulating microRNA biomarkers in plasma and serum using quantitative reverse transcription-PCR (qRT-PCR)},
  author={Kroh, Evan M and Parkin, Rachael K and Mitchell, Patrick S and Tewari, Muneesh},
  journal={Methods},
  volume={50},
  number={4},
  pages={298--301},
  year={2010},
  publisher={Elsevier}
}

@article{liu2008expression,
  title={Expression profiling of microRNA using oligo DNA arrays},
  author={Liu, Chang-Gong and Spizzo, Riccardo and Calin, George Adrian and Croce, Carlo Maria},
  journal={Methods (San Diego, Calif.)},
  volume={44},
  number={1},
  pages={22},
  year={2008},
  publisher={NIH Public Access}
}

@article{creighton2009expression,
  title={Expression profiling of microRNAs by deep sequencing},
  author={Creighton, Chad J and Reid, Jeffrey G and Gunaratne, Preethi H},
  journal={Briefings in bioinformatics},
  volume={10},
  number={5},
  pages={490--497},
  year={2009},
  publisher={Oxford Univ Press}
}

@article{tibshirani2003class,
  title={Class prediction by nearest shrunken centroids, with applications to DNA microarrays},
  author={Tibshirani, Robert and Hastie, Trevor and Narasimhan, Balasubramanian and Chu, Gilbert},
  journal={Statistical Science},
  pages={104--117},
  year={2003},
  publisher={JSTOR}
}

@article{hastie2005elements,
  title={The elements of statistical learning: data mining, inference and prediction},
  author={Hastie, Trevor and Tibshirani, Robert and Friedman, Jerome and Franklin, James},
  journal={The Mathematical Intelligencer},
  volume={27},
  number={2},
  pages={83--85},
  year={2005},
  publisher={Springer}
}

@article{mestdagh2009novel,
  title={A novel and universal method for microRNA RT-qPCR data normalization},
  author={Mestdagh, Pieter and Van Vlierberghe, Pieter and De Weer, An and Muth, Daniel and Westermann, Frank and Speleman, Frank and Vandesompele, Jo and others},
  journal={Genome Biol},
  volume={10},
  number={6},
  pages={R64},
  year={2009}
}

@article{peltier2008normalization,
  title={Normalization of microRNA expression levels in quantitative RT-PCR assays: identification of suitable reference RNA targets in normal and cancerous human solid tissues},
  author={Peltier, Heidi J and Latham, Gary J},
  journal={Rna},
  volume={14},
  number={5},
  pages={844--852},
  year={2008},
  publisher={Cold Spring Harbor Lab}
}

